<record><leader>00000cas a22000007a 4500</leader><controlfield tag="001">13202324</controlfield><controlfield tag="008">860226d19771981pauwr ne      0    0eng d</controlfield><datafield ind1=" " ind2=" " tag="010"><subfield code="a">sn 86081137 </subfield></datafield><datafield ind1=" " ind2=" " tag="040"><subfield code="a">NPH</subfield><subfield code="b">eng</subfield><subfield code="c">NPH</subfield><subfield code="d">OCLCQ</subfield></datafield><datafield ind1=" " ind2=" " tag="042"><subfield code="a">msc</subfield></datafield><datafield ind1="0" ind2="0" tag="245"><subfield code="a">Columbia County sentinel.</subfield></datafield><datafield ind1=" " ind2=" " tag="260"><subfield code="a">Berwick, Pa. :</subfield><subfield code="b">Country Impressions, Inc.</subfield></datafield><datafield ind1=" " ind2=" " tag="300"><subfield code="a">4 v. :</subfield><subfield code="b">ill. ;</subfield><subfield code="c">58 cm.</subfield></datafield><datafield ind1=" " ind2=" " tag="310"><subfield code="a">Weekly</subfield></datafield><datafield ind1="0" ind2=" " tag="362"><subfield code="a">Vol. 4, no. 4 (Dec. 1, 1977)-v. 7, no. 40 (Aug. 13, 1981).</subfield></datafield><datafield ind1=" " ind2=" " tag="500"><subfield code="a">Editor: Burl F. Updyke.</subfield></datafield><datafield ind1=" " ind2=" " tag="588"><subfield code="a">Description based on: Vol. 4, no. 47 (Oct. 12, 1978).</subfield></datafield><datafield ind1=" " ind2=" " tag="752"><subfield code="a">United States</subfield><subfield code="b">Pennsylvania</subfield><subfield code="c">Columbia</subfield><subfield code="d">Berwick.</subfield></datafield><datafield ind1="0" ind2="0" tag="780"><subfield code="t">Sentinel (Berwick, Pa. : 1975)</subfield><subfield code="w">(DLC)sn 87078222</subfield></datafield><datafield ind1="0" ind2="0" tag="785"><subfield code="t">Sentinel (Berwick, Pa. : 1981)</subfield><subfield code="w">(DLC)sn 86081136</subfield></datafield><datafield ind1="1" ind2=" " tag="029"><subfield code="a">AU@</subfield><subfield code="b">000025813042</subfield></datafield></record>